
@Article{star1,
author="Iqbal, Talha and Ali, Hazrat",
title="Generative Adversarial Network for Medical Images (MI-GAN)",
journal="Journal of Medical Systems",
year="2018",
month="Oct",
day="12",
volume="42",
number="11",
pages="231",
doi="10.1007/s10916-018-1072-9",
}

@ARTICLE{star2, 
author={K. {Sultan} and H. {Ali} and Z. {Zhang}}, 
journal={IEEE Access}, 
title={Call Detail Records Driven Anomaly Detection and Traffic Prediction in Mobile Cellular Networks}, year={2018}, 
volume={6}, 
number={}, 
pages={41728-41737}, 
doi={10.1109/ACCESS.2018.2859756}, 
}
